% This file was created with JabRef 2.10b2.
% Encoding: ISO8859_1


@Article{kpmsurvey2006,
  Title                    = {The kernel polynomial method},
  Author                   = {A. Wei\ss e and G. Wellein and A. Alvermann and H. Fehske},
  Journal                  = {Rev. Mod. Phys.},
  Year                     = {2006},
  Pages                    = {275--306},
  Volume                   = {78}
}

@Book{akhiezer,
  Title                    = {The Classical Moment Problem},
  Author                   = {N. I. Akhiezer},
  Publisher                = {Hafner},
  Year                     = {1965},

  Address                  = {New York}
}

@Article{AlvermannEdwardsFehske2007,
  Title                    = {Boson-Controlled Quantum Transport},
  Author                   = {Alvermann, A. and Edwards, D. M. and Fehske, H.},
  Journal                  = {Phys. Rev. Lett.},
  Year                     = {2007},
  Pages                    = {056602},
  Volume                   = {98}
}

@Article{AminiJafariShahbazi2009,
  Title                    = {Anderson transition in disordered graphene},
  Author                   = {Amini, M. and Jafari, S. A. and Shahbazi, F.},
  Journal                  = {Europhys. Lett.},
  Year                     = {2009},
  Pages                    = {37002},
  Volume                   = {87}
}

@Book{AshcroftMermin1976,
  Title                    = {Solid State Physics},
  Author                   = {N. Ashcroft and N. Mermin},
  Publisher                = {Thomson Learning},
  Year                     = {1976},

  Address                  = {Toronto}
}

@Article{AvronToledo2011,
  Title                    = {Randomized algorithms for estimating the trace of an implicit symmetric positive semi-definite matrix},
  Author                   = {Avron, H. and Toledo, S.},
  Journal                  = {J. ACM},
  Year                     = {2011},
  Number                   = {2},
  Pages                    = {8},
  Volume                   = {58}
}

@Article{BowlerMiyazaki2012,
  Title                    = {{O(N)} methods in electronic structure calculations},
  Author                   = {Bowler, D. R. and Miyazaki, T.},
  Journal                  = {Rep. Prog. Phys.},
  Year                     = {2012},
  Pages                    = {036503},
  Volume                   = {75}
}

@Article{epl2011,
  Title                    = {Eigenvalue decomposition of spectral features in density of states curves},
  Author                   = {S. R. Broderick and K. Rajan},
  Journal                  = {Europhysics Letters},
  Year                     = {2011},
  Pages                    = {57005},
  Volume                   = {95}
}

@Book{ByronFuller,
  Title                    = {Mathematics of classical and quantum physics},
  Author                   = {F. W. Byron and R. W. Fuller},
  Publisher                = {Dover},
  Year                     = {1992},

  Address                  = {New-York}
}

@Article{alloys2012,
  Title                    = {{A}b initial study of phonon spectrum, entropy and lattice heat capacity of disordered {R}e-{W} alloys},
  Author                   = {R. K. Chouhan and A. Alam and S. Ghosh and A. Mookerjee},
  Journal                  = {Journal of Physics: Condense Matter},
  Year                     = {2012},
  Pages                    = {375401},
  Volume                   = {24}
}

@Article{CovaciPeetersBerciu2010,
  Title                    = {Efficient Numerical Approach to Inhomogeneous Superconductivity: The {C}hebyshev-{B}ogoliubov-de {G}ennes Method},
  Author                   = {Covaci, L. and Peeters, F. M. and Berciu, M.},
  Journal                  = {Phys. Rev. Lett.},
  Year                     = {2010},
  Pages                    = {167006},
  Volume                   = {105}
}

@Article{cpb2010,
  Title                    = {Efficient Numerical Approach to Inhomogeneous Superconductivity: The {C}hebyshev-{B}ogoliubov-de {G}ennes Method},
  Author                   = {L. Covaci and F. M. Peeters and M. Berciu},
  Journal                  = {Phys. Rev. Lett.},
  Year                     = {2010},
  Pages                    = {167006},
  Volume                   = {105}
}

@Article{DargelHoneckerPetersEtAl2011,
  Title                    = {Adaptive {L}anczos-vector method for dynamic properties within the density matrix renormalization group},
  Author                   = {Dargel, P. E. and Honecker, A. and Peters, R. and Noack, R. M. and Pruschke, T.},
  Journal                  = {Phys. Rev. B},
  Year                     = {2011},
  Pages                    = {161104},
  Volume                   = {83}
}

@Article{dcf2012,
  Title                    = {Lanczos algorithm with matrix product states for dynamical correlation functions},
  Author                   = {P. E. Dargel and A. W\"{o}llert and A. Honecker and I. P. McCulloch and U. Schollw\"{o}k and T. Pruschke},
  Journal                  = {Phy. Rev. B},
  Year                     = {2012},
  Pages                    = {205119},
  Volume                   = {85}
}

@Book{Davis,
  Title                    = {Interpolation and Approximation},
  Author                   = { P. J. Davis},
  Publisher                = {Blaisdell},
  Year                     = {1963},

  Address                  = {Waltham, MA},

  Key                      = {davis}
}

@Article{FloridaMatrix,
  Title                    = {{The University of Florida sparse matrix collection}},
  Author                   = {Davis, T. A. and Hu, Y.},
  Journal                  = {ACM Trans. Math. Software},
  Year                     = {2011},
  Pages                    = {1},
  Volume                   = {38}
}

@Article{vandetal2000,
  Title                    = {Computing probabilistic bounds for extreme eigenvalues of symmetric matrices with the Lanczos method},
  Author                   = {Jos L. M. Van Dorsselaer and M. E. Hoschstenbach and H. A. Van der Vorst},
  Journal                  = {SIAM J. Matrix Anal. Appl.},
  Year                     = {2000},
  Number                   = {3},
  Pages                    = {837--852},
  Volume                   = {22}
}

@Article{DraboldSankey1993,
  Title                    = {Maximum entropy approach for linear scaling in the electronic structure problem},
  Author                   = {Drabold, D. A. and Sankey, O. F.},
  Journal                  = {Phys. Rev. Lett.},
  Year                     = {1993},
  Pages                    = {3631--3634},
  Volume                   = {70}
}

@Article{drobold93,
  Title                    = {Maximum entropy approach for linear scaling in the electronic structure problem},
  Author                   = {Drabold, David A. and Sankey, Otto F.},
  Journal                  = {Phys. Rev. Lett.},
  Year                     = {1993},

  Month                    = {Jun},
  Pages                    = {3631--3634},
  Volume                   = {70},

  Doi                      = {10.1103/PhysRevLett.70.3631},
  Issue                    = {23},
  Publisher                = {American Physical Society},
  Url                      = {http://link.aps.org/doi/10.1103/PhysRevLett.70.3631}
}

@Article{Ducastelle1970,
  Title                    = {Moments developments and their application to the electronic charge distribution of d bands },
  Author                   = {F. Ducastelle and F. Cyrot-Lackmann},
  Journal                  = {J. Phys. Chem. Solids},
  Year                     = {1970},
  Pages                    = {1295-1306},
  Volume                   = {31}
}

@Article{fush2013,
  Title                    = {Efficient linear-scaling quantum transport calculations on graphics processing units and applications on electron transport in graphene},
  Author                   = {Z. Fan and A. Uppstu and T. Siro and A. Harju},
  Journal                  = {arXiv},
  Year                     = {2013},
  Pages                    = {1--15},
  Volume                   = {1307.0288v1}
}

@Article{FerreiraViana-GomesNilssonEtAl2011,
  Title                    = {Unified description of the {DC} conductivity of monolayer and bilayer graphene at finite densities based on resonant scatterers},
  Author                   = {Ferreira, A. and Viana-Gomes, J. and Nilsson, J. and Mucciolo, E. R. and Peres, N. M. R. and Neto, A. H. C.},
  Journal                  = {Phys. Rev. B},
  Year                     = {2011},
  Pages                    = {165402},
  Volume                   = {83}
}

@Book{bfischer,
  Title                    = {Polynomial Based Iteration Methods for Symmetric Linear Systems},
  Author                   = {B. Fischer},
  Publisher                = {Wiley},
  Year                     = {1996},

  Address                  = {New York}
}

@InProceedings{FischerFreundW1994,
  Title                    = {An inner product-free conjugate gradient-like algorithm for {H}ermitian positive definite systems},
  Author                   = {Fischer, B. and Freund, R. W.},
  Booktitle                = {Proceedings of the Cornelius Lanczos 1993 International Centenary Conference},
  Year                     = {1994},
  Pages                    = {288--290}
}

@Article{fb84,
  Title                    = {A method for constructing local monotone piecewise cubic interpolations},
  Author                   = {F. N. Fritsch and J. Butland},
  Journal                  = {SIAM J. Sci. Stat. Comput.},
  Year                     = {1984},
  Pages                    = {300--304},
  Volume                   = {5}
}

@Article{fc80,
  Title                    = {Monotone piecewise cubic interpolation},
  Author                   = {F. N. Fritsch and R. E. Carlson},
  Journal                  = {SIAM J. Numer. Anal.},
  Year                     = {1980},
  Pages                    = {238--246},
  Volume                   = {17}
}

@InProceedings{gautschi81,
  Title                    = {A survey of {G}auss-{C}hristoffel quadrature formulae},
  Author                   = {W. Gautschi},
  Booktitle                = {{E}. {B}. {C}hristoffel: The influence of his work in mathematics and the physical sciences},
  Year                     = {1981},

  Address                  = {Basel},
  Editor                   = {P. Butzer and F. Feher},
  Pages                    = {72--147},
  Publisher                = {Birkhauser}
}

@Article{gautschi68,
  Title                    = {Construction of {G}auss-{C}hristoffel quadrature formulas},
  Author                   = {W. Gautschi},
  Journal                  = {Math. Comp.},
  Year                     = {1968},
  Pages                    = {251--270},
  Volume                   = {22}
}

@Article{gautschi67,
  Title                    = {Computational aspects of three-term recurrence relations},
  Author                   = {W. Gautschi},
  Journal                  = {SIAM Rev.},
  Year                     = {1967},
  Pages                    = {24--82},
  Volume                   = {9}
}

@Book{GVL-book,
  Title                    = {Matrix Computations, 4th edition},
  Author                   = {G. H. Golub and C. F. Van Loan},
  Publisher                = {Johns Hopkins University Press},
  Year                     = {2013},

  Address                  = {Baltimore, MD},
  Edition                  = {3rd}
}

@Article{golubwelsch,
  Title                    = {Calculation of {G}auss quadrature rule},
  Author                   = {G. H. Golub and J. H. Welsch},
  Journal                  = {Math. Comp.},
  Year                     = {1969},
  Pages                    = {221--230},
  Volume                   = {23}
}

@Article{HaydockHeineKelly1972,
  Title                    = {Electronic structure based on the local atomic environment for tight-binding bands},
  Author                   = {Haydock, R. and Heine, V. and Kelly, M. J.},
  Journal                  = {J. Phys. C: Solid State Phys.},
  Year                     = {1972},
  Pages                    = {2845},
  Volume                   = {5}
}

@Article{HolznerWeichselbaumMcCullochEtAl2011,
  Title                    = {Chebyshev matrix product state approach for spectral functions},
  Author                   = {Holzner, A. and Weichselbaum, A. and McCulloch, I. P. and Schollw\"ock, U. and von Delft, J.},
  Journal                  = {Phys. Rev. B},
  Year                     = {2011},
  Pages                    = {195115},
  Volume                   = {83}
}

@Article{hvp2013,
  Title                    = {Scalable kernel polynomial method for calculating transition rates},
  Author                   = {C. Huang and A. F. Voter and D. Perez},
  Journal                  = {Phy. Rev. B},
  Year                     = {2013},
  Pages                    = {214106},
  Volume                   = {87}
}

@Article{Hutchinson1989,
  Title                    = {A stochastic estimator of the trace of the influence matrix for {Laplacian} smoothing splines},
  Author                   = {Hutchinson, M. F.},
  Journal                  = {Commun. Stat. Simul. Comput.},
  Year                     = {1989},
  Pages                    = {1059--1076},
  Volume                   = {18}
}

@Book{Jackson1930,
  Title                    = {The theory of approximation},
  Author                   = {Jackson, D.},
  Publisher                = {American Mathematical Society, New York},
  Year                     = {1930}
}

@Article{JayKimSaadEtAl1999,
  Title                    = {Electronic Structure Calculations Using Plane Wave Codes without Diagonlization},
  Author                   = {L. O. Jay and H. Kim and Y. Saad and J. R. Chelikowsky},
  Journal                  = {Comput. Phys. Comm.},
  Year                     = {1999},
  Pages                    = {21--30},
  Volume                   = {118}
}

@Book{JeffreysJeffreys1999,
  Title                    = {Methods of mathematical physics},
  Author                   = {Jeffreys, H. and Jeffreys, B.},
  Publisher                = {Cambridge Univ. Pr.},
  Year                     = {1999},
  Edition                  = {Third}
}

@Article{jck2012,
  Title                    = {Finite size scaling of the typical density of states of disordered systems within the kernel polynomial method},
  Author                   = {D. Jung and G. Czycholl and S. Kettemann},
  Journal                  = {Int. J. Mod. Phys. Conf. Ser.},
  Year                     = {2012},
  Pages                    = {108},
  Volume                   = {11}
}

@Book{ks53,
  Title                    = {Geometry of Moment Spaces},
  Author                   = {S. Karlin and L. S. Shapley},
  Publisher                = {Amer. Math. Soc.},
  Year                     = {1953}
}

@Article{parsec,
  Title                    = {{PARSEC}-the pseudopotential algorithm for real-space electronic structure calculations: Recent Advances and novel applications to nano-structures},
  Author                   = {L. Kronik and A. Makmal and M. L. Tiago and M. M. G. Alemany and M. Jain and X. Huang and Y. Saad and J. R. Chelikowsky},
  Journal                  = {Phys. Status Solidi B},
  Year                     = {2006},

  Page                     = {1063},
  Volumn                   = {243}
}

@Book{nano2011,
  Title                    = {Introductory Nanoscience},
  Author                   = {M. Kuno},
  Publisher                = {Garland Science},
  Year                     = {2011},

  Address                  = {New York, NY}
}

@Book{Lanczos1988,
  Title                    = {Applied analysis},
  Author                   = {Lanczos, C.},
  Publisher                = {Dover},
  Year                     = {1988},

  Address                  = {New York}
}

@Article{Lanczos1950,
  Title                    = {An iteration method for the solution of the eigenvalue problem of linear differential and integral operators},
  Author                   = {Lanczos, C.},
  Journal                  = {J. Res. Nat. Bur. Stand.},
  Year                     = {1950},
  Pages                    = {255--282},
  Volume                   = {45}
}

@Book{Lebedev-book,
  Title                    = {Special functions and their applications},
  Author                   = {N. N. Lebedev},
  Publisher                = {Dover},
  Year                     = {1972},

  Address                  = {New York}
}

@Article{LiZhou2011,
  Title                    = {Bounding the spectrum of large Hermitian matrices},
  Author                   = {R. Li and Y. Zhou},
  Journal                  = {Linear Algebra and its Applications},
  Year                     = {2011},
  Pages                    = {480--493},
  Volume                   = {435}
}

@Article{thermal2011,
  Title                    = {Efficient linear scaling method for computing the thermal conductivity of disordered materials},
  Author                   = {W. Li and H. Sevincili and S. Roche and G. Cuniberti},
  Journal                  = {Phys. Rev. B},
  Year                     = {2011},
  Pages                    = {155416},
  Volume                   = {83}
}

@Book{Martin2004,
  Title                    = {Electronic Structure -- Basic Theory and Practical Methods},
  Author                   = {R. Martin},
  Publisher                = {Cambridge Univ. Pr.},
  Year                     = {2004},

  Address                  = {West Nyack, {NY}}
}

@Article{ParkerZhuHuangEtAl1996,
  Title                    = {Matrix pseudo-spectroscopy: iterative calculation of matrix eigenvalues and eigenvectors of large matrices using a polynomial expansion of the {Dirac} delta function},
  Author                   = {Parker, G. A. and Zhu, W. and Huang, Y. and Hoffman, D.K. and Kouri, D. J.},
  Journal                  = {Comput. Phys. Commun.},
  Year                     = {1996},
  Pages                    = {27--35},
  Volume                   = {96}
}

@Book{Parlett1998,
  Title                    = {The Symmetric Eigenvalue Problem},
  Author                   = {B. N. Parlett},
  Publisher                = {SIAM},
  Year                     = {1998},

  Address                  = {Philadelphia},
  Number                   = {20},
  Series                   = {Classics in Applied Mathematics}
}

@Book{Parlett1980,
  Title                    = {The symmetric eigenvalue problem},
  Author                   = {Parlett, B. N.},
  Publisher                = {SIAM},
  Year                     = {1980},

  Address                  = {Philadelphia},
  Volume                   = {7}
}

@Book{plemelj,
  Title                    = {Problems in the sense of Riemann and Klein},
  Author                   = {J. Plemelj},
  Publisher                = {Interscience Publishers},
  Year                     = {1964},

  Address                  = {New York}
}

@Book{ReedSimon1980,
  Title                    = {Methods of modern mathematical physics: {F}unctional analysis},
  Author                   = {Reed, M. and Simon, B.},
  Publisher                = {Gulf Professional Publishing},
  Year                     = {1980},
  Volume                   = {1}
}

@Book{Richtmyer1981,
  Title                    = {Principles of advanced mathematical physics},
  Author                   = {Richtmyer, R. D.},
  Publisher                = {Springer-Verlag},
  Year                     = {1981},

  Address                  = {New York},
  Volume                   = {1}
}

@Book{Rivlin2003,
  Title                    = {An introduction to the approximation of functions},
  Author                   = {Rivlin, T. J.},
  Publisher                = {Dover, New York},
  Year                     = {2003}
}

@Book{Saad2011,
  Title                    = {Numerical Methods for Large Eigenvalue Problems},
  Author                   = {Y. Saad},
  Publisher                = {SIAM},
  Year                     = {2011},

  Address                  = {Philadelpha}
}

@Article{SchubertFehske2012,
  Title                    = {Metal-to-Insulator Transition and Electron-Hole Puddle Formation in Disordered Graphene Nanoribbons},
  Author                   = {Schubert, G. and Fehske, H.},
  Journal                  = {Phys. Rev. Lett.},
  Year                     = {2012},
  Pages                    = {066402},
  Volume                   = {108}
}

@Book{Schwartz1966,
  Title                    = {Mathematics for the physical sciences},
  Author                   = {Schwartz, L.},
  Publisher                = {Dover},
  Year                     = {1966},

  Address                  = {New York}
}

@Article{SeiserPettiforDrautz2013,
  Title                    = {Analytic bond-order potential expansion of recursion-based methods},
  Author                   = {Seiser, Bernhard and Pettifor, D. G. and Drautz, Ralf},
  Journal                  = {Phys. Rev. B},
  Year                     = {2013},
  Pages                    = {094105},
  Volume                   = {87}
}

@Article{spd2013,
  Title                    = {Analytic bond-order potential expansion of recursion-based methods},
  Author                   = {B. Seiser and D. G. Pettifor and R. Drautz},
  Journal                  = {Phys. Rev. B},
  Year                     = {2013},
  Pages                    = {094105},
  Volume                   = {87}
}

@Article{SilverRoder1997,
  Title                    = {Calculation of densities of states and spectral functions by {Chebyshev} recursion and maximum entropy},
  Author                   = {Silver, R. N. and R{\"o}der, H.},
  Journal                  = {Phys. Rev. E},
  Year                     = {1997},
  Pages                    = {4822},
  Volume                   = {56}
}

@Article{SilverRoder1994,
  Title                    = {Densities of states of mega-dimensional {Hamiltonian} matrices},
  Author                   = {Silver, R. N. and R{\"o}der, H.},
  Journal                  = {Int. J. Mod. Phys. C},
  Year                     = {1994},
  Pages                    = {735--753},
  Volume                   = {5}
}

@Article{SilverRoederVoterEtAl1996,
  Title                    = {Kernel polynomial approximations for densities of states and spectral functions},
  Author                   = {Silver, R. N. and R{\"o}der, H. and Voter, A. F. and Kress, J. D.},
  Journal                  = {J. Comput. Phys.},
  Year                     = {1996},
  Pages                    = {115--130},
  Volume                   = {124}
}

@Article{TangSaad2012,
  Title                    = {A probing method for computing the diagonal of a matrix inverse},
  Author                   = {Tang, J. M. and Saad, Y.},
  Journal                  = {Numer. Lin. Alg. Appl.},
  Year                     = {2012},
  Pages                    = {485--501},
  Volume                   = {19}
}

@Article{Turek88,
  Title                    = {A maximum-entropy approach to the density of states within the recursion method },
  Author                   = {I. Turek},
  Journal                  = {J. Phys. C},
  Year                     = {1988},
  Pages                    = {3251},
  Volume                   = {21}
}

@Article{lwwang94,
  Title                    = {Calculating the density of states and optical-absorption spectra of large quantum systems by the plane-wave moments method},
  Author                   = {L. Wang},
  Journal                  = {Phy. rRv. B},
  Year                     = {1994},
  Pages                    = {10154},
  Volume                   = {49}
}

@Article{Wang1994,
  Title                    = {Calculating the density of states and optical-absorption spectra of large quantum systems by the plane-wave moments method},
  Author                   = {Wang, L.-W.},
  Journal                  = {Phys. Rev. B},
  Year                     = {1994},
  Pages                    = {10154},
  Volume                   = {49}
}

@Article{wheeler72,
  Title                    = {Modified Moments for Harmonic Solids},
  Author                   = {Wheeler, John C. and Blumstein, Carl},
  Journal                  = {Phys. Rev. B},
  Year                     = {1972},

  Month                    = {Dec},
  Pages                    = {4380--4382},
  Volume                   = {6},

  Doi                      = {10.1103/PhysRevB.6.4380},
  Issue                    = {12},
  Publisher                = {American Physical Society},
  Url                      = {http://link.aps.org/doi/10.1103/PhysRevB.6.4380}
}

@Article{heatcap,
  Title                    = {An Efficient Algorithm for Calculating the Heat Capacity of a Large-scale Molecular System},
  Author                   = {C. Yang and D. W. Noid and B. G. Sumpter and D. C. Sorensen and R. E. Tuzun},
  Journal                  = {Macromol. Theory Simul.},
  Year                     = {2001},
  Pages                    = {756-761},
  Volume                   = {10}
}

@Article{YangNCA2001,
  Title                    = {Large-scale Normal Coordinate Analysis for Molecular Structures},
  Author                   = {C. Yang and B. W. Peyton and D. W. Noid and B. G. Sumpter and R. E. Tuzun},
  Journal                  = {SIAM J. Sci. Comp.},
  Year                     = {2001},
  Pages                    = {563--582},
  Volume                   = {23}
}

@Article{ZhouSaadTiagoEtAl2006,
  Title                    = {Parallel Self-Consistent-Field Calculations via {Chebyshev}-Filtered Subspace Acceleration},
  Author                   = {Y. Zhou and Y. Saad and M. L. Tiago and J. R. Chelikowsky},
  Journal                  = {Phy. Rev. E},
  Year                     = {2006},
  Pages                    = {066704},
  Volume                   = {74}
}

@book{mcquarrie,
   author = "D. A. McQuarrie",
   title  = "Statistical Mechanics",
   year   = "1976",
   publisher = "Harper \& Row",
   address = "New York, NY"
}

@Article{LSY,
  Title                    = {Approximating spectral densities of large matrices},
  Author                   = {L. Lin and Y. Saad and C. Yang},
  Journal                  = {SIAM Rev.},
  Year                     = {2016},
  Pages                    = {34--65},
  Volume                   = {58}
}